@Misc{WIKI:1,
author = {Wikipedia},
title = {Oracle Database},
howpublished = {\url{https://en.wikipedia.org/wiki/Oracle_Database}},
month = {Enero},
year = {2020},
note = {Consultado el 26/04/2020},
}

@Misc{WIKI:2,
-author = {Wikipedia},
title = {Oracle Corporation},
howpublished = {\url{https://es.wikipedia.org/wiki/Oracle_Corporation}},
month = {Febrero},
year = {2020},
note = {Consultado el 26/04/2020},
}

%%%%
@Misc{ORA:1,
author = {Oracle},
title = {Oracle Database 19c Install and Upgrade},
howpublished = {\url{https://docs.oracle.com/en/database/oracle/oracle-database/19/install-and-upgrade.html}},
month = {},
year = {},
note = {Consultado el 26/04/2020},
}

@Misc{ORA:2,
author = {Oracle},
title = {Oracle 19},
howpublished = {\url{https://www.oracle.com/es/database/technologies/}},
month = {},
year = {},
note = {Consultado el 26/04/2020},
}

@Misc{ORA:3,
author = {Oracle},
title = {Oracle Software Licensing Basics},
howpublished = {\url{https://www.oracle.com/a/ocom/docs/corporate/oracle-software-licensing-basics.pdf}},
month = {Enero},
year = {2020},
note = {Consultado el 26/04/2020},
annote = {Consultar diapositiva 23}
}

@Misc{ORA:4,
author = {Oracle},
title = {Oracle Technology Global Price List},
howpublished = {\url{https://www.oracle.com/assets/technology-price-list-070617.pdf}},
month = {Marzo},
year = {2020},
note = {Consultado el 26/04/2020},
}

@Misc{ORA:5,
author = {Oracle},
title = {Oracle Real Application Clusters (RAC)},
howpublished = {\url{https://www.oracle.com/es/database/technologies/rac.html}},
month = {},
year = {},
note = {Consultado el 26/04/2020},
}

@Misc{ORA:6,
author = {Oracle},
title = {Data Concurrency and Consistency},
howpublished = {\url{https://docs.oracle.com/cd/B19306_01/server.102/b14220/consist.htm#i5702}},
month = {},
year = {},
note = {Consultado el 26/04/2020},
}

@Misc{ORA:7,
bauthor = {Oracle},
title = {Data Concurrency and Consistency},
howpublished = {\url{https://docs.oracle.com/en/database/oracle/oracle-database/19/cncpt/data-concurrency-and-consistency.html#GUID-1D60EFCC-03F4-4A04-B099-1B4DE5D02C47}},
month = {},
year = {},
note = {Consultado el 26/04/2020},
}

@Misc{ORA:8,
author = {Oracle},
title = {Backing Up the Database},
howpublished = {\url{https://docs.oracle.com/en/database/oracle/oracle-database/19/bradv/backing-up-database.html#GUID-030BA0C5-832E-42A1-A63A-5E2D768BABB9}},
month = {},
year = {},
note = {Consultado el 26/04/2020},
}


%%%%%

@Misc{GART:1,
author = {Gartner},
title = {Magic Quadrant for Operational Database Management Systems},
howpublished = {\url{https://www.gartner.com/doc/reprints?id=1-1XT9MEFJ&ct=191125&st=sb}},
month = {Noviembre},
year = {2019},
note = {Consultado el 26/04/2020},
}
%%%%%

@Misc{STO:1,
author = {StackOverflow Insights},
title = {Developer Survey Results 2019},
howpublished = {\url{https://insights.stackoverflow.com/survey/2019#technology-_-databases}},
month = {},
year = {2019},
note = {Consultado del 26/04/2020},
}
%%%%%

