@misc{enterprise,
 author={MySQL},
 title={Ficha t√©cnica MySQL Enterprise Edition},
 howpublished={\url{https://www.mysql.com/why-mysql/white-papers/ficha-tecnica-mysql-enterprise-edition/}},
 year={},
 note={},
}



@misc{precios,
 author={MySQL},
 title={Para obtener precios},
 howpublished={\url{https://shop.oracle.com/apex/product?p1=MySQL}},
 year={},
 note={},
}


@misc{10web,
 author={MySQL},
 title={10 razones para elegir MySQL para las aplicaciones web},
 howpublished={\url{https://www.mysql.com/why-mysql/white-papers/10-razones-para-elegir-mysql-para-las-aplicaciones-web-de-la-proxima-generacion/}},
 year={},
 note={},
}


@misc{lock,
 author={MySQL},
 title={MySQL Enterprise Edition Product Guide},
 howpublished={\url{https://www.oreilly.com/library/view/high-performance-mysql/9780596101718/ch01.html}},
 year={},
 note={concurrencia y lock},
}

@misc{wikiCache,
 author={Wikipedia},
 title={InterSystems Cache},
 howpublished={\url{https://en.wikipedia.org/wiki/InterSystems_Cache/}},
 year={},
 note={},
}