@Misc{WIKI:1,
author = {Wikipedia},
title = {MongoDB - Licencias y soportes},
howpublished = {\url{https://es.wikipedia.org/wiki/MongoDB#Concesi%C3%B3n_de_licencias_y_soporte}},
note = {Consultado el 29/04/2020},
}

@Misc{WIKI:2,
author = {Wikipedia},
title = {MongoDB - Caracter√≠sticas principales},
howpublished = {\url{https://es.wikipedia.org/wiki/MongoDB#Caracter%C3%ADsticas_principales}},
note = {Consultado el 29/04/2020},
}

@Misc{WIKI:3,
author = {Wikipedia},
title = {MongoDB - Principales limitaciones},
howpublished = {\url{https://es.wikipedia.org/wiki/MongoDB#Principales_limitaciones}},
note = {Consultado el 29/04/2020},
}

%%%%

@Misc{MDB:1,
author = {MongoDB},
title = {MongoDB - Indexes},
howpublished = {\url{https://docs.mongodb.com/manual/indexes/}},
note = {Consultado el 29/04/2020},
}

@Misc{MDB:2,
author = {MongoDB},
title = {MongoDB - Mongod processes},
howpublished = {\url{https://docs.mongodb.com/manual/reference/program/mongod/#bin.mongod}},
note = {Consultado el 29/04/2020},
}

@Misc{MDB:3,
author = {MongoDB},
title = {MongoDB - Sharding},
howpublished = {\url{https://docs.mongodb.com/manual/sharding/}},
note = {Consultado el 29/04/2020},
}

@Misc{MDB:4,
author = {MongoDB},
title = {MongoDB - GridFS},
howpublished = {\url{https://docs.mongodb.com/manual/core/gridfs/}},
note = {Consultado el 29/04/2020},
}

@Misc{MDB:5,
author = {MongoDB},
title = {MongoDB - JavaScript},
howpublished = {\url{https://docs.mongodb.com/manual/core/server-side-javascript/index.html}},
note = {Consultado el 29/04/2020},
}

@Misc{MDB:6,
author = {MongoDB},
title = {MongoDB - Shell},
howpublished = {\url{https://docs.mongodb.com/manual/mongo/}},
note = {Consultado el 29/04/2020},
}

@Misc{MDB:7,
author = {MongoDB},
title = {MongoDB - Cloud},
howpublished = {\url{https://docs.mongodb.com/cloud/}},
note = {Consultado el 29/04/2020},
}

@Misc{MDB:8,
author = {MongoDB},
title = {MongoDB - Guides},
howpublished = {\url{https://docs.mongodb.com/guides/}},
note = {Consultado el 29/04/2020},
}
