@Misc{WIKI:1,
-author = {Wikipedia},
title = {PostgreSQL},
howpublished = {\url{https:es.wikipedia.org/wiki/PostgreSQL}},
note = {Consultado el 28/04/2020},
}

%%

@Misc{POST:1,
-author = {PostgreSQL},
title = {PostgreSQL License},
howpublished = {\url{https://www.postgresql.org/about/licence}},
note = {Consultado el 28/04/2020},
}

@Misc{DEV:1,
-author = {Devcenter},
title = {MVCC},
howpublished = {\url{https://devcenter.heroku.com/articles/postgresql-concurrency}},
note = {Consultado el 28/04/2020},
}

@Misc{TODOPOST:1,
-author = {TodoPostgres},
title = {Alta disponibilidad},
howpublished = {\url{https://todopostgresql.com/alta-disponibilidad-postgresql/}},
note = {Consultado el 28/04/2020},
}

@Misc{TODOPOST:2,
-author = {TodoPostgres},
title = {Hot-Standby},
howpublished = {\url{https://todopostgresql.com/tecnica-hot-standby}},
note = {Consultado el 28/04/2020},
}

@Misc{TODOPOST:3,
-author = {TodoPostgres},
title = {Ventajas y desventajas},
howpublished = {\url{https://todopostgresql.com/ventajas-y-desventajas-de-postgresql/}},
note = {Consultado el 28/04/2020},
}

@Misc{PG:1,
-author = {PGADMIN},
title = {PGADMIN},
howpublished = {\url{https://www.pgadmin.org/}},
note = {Consultado el 28/04/2020},
}

@Misc{SLO:1,
-author = {WIKI},
title = {SLONI-I},
howpublished = {\url{https://en.wikipedia.org/wiki/Slony-I}},
note = {Consultado el 28/04/2020},
}

@Misc{ACC:1,
-author = {WIKI},
title = {Microsoft Access},
howpublished = {\url{https://es.wikipedia.org/wiki/Microsoft_Access}},
note = {Consultado el 28/04/2020},
}

@Misc{ACC:2,
-author = {Microsoft},
title = {Microsoft Access Requisitos},
howpublished = {\url{https://www.microsoft.com/es-es/p/access/cfq7ttc0k7q8?=&ef_id=CjwKCAjwqJ_1BRBZEiwAv73uwNScKHTjdgEy6LznNrbv_YoYDtv_cQXDIQNLLEgF7gcGVZtUZCPmVRoCj58QAvD_BwE%3aG%3as&OCID=AID2000750_SEM_xUz8JKCM&MarinID=sxUz8JKCM%7c431595526780%7cms+access%7ce%7cc%7c%7c62233861395%7ckwd-26962656&lnkd=Google_O365SMB_App&gclid=CjwKCAjwqJ_1BRBZEiwAv73uwNScKHTjdgEy6LznNrbv_YoYDtv_cQXDIQNLLEgF7gcGVZtUZCPmVRoCj58QAvD_BwE&activetab=pivot:regionofsystemrequirementstab}},
note = {Consultado el 28/04/2020},
}


@Misc{ACC:3,
-author = {Microsoft},
title = {Microsoft Access Licencia},
howpublished = {\url{https://www.microsoft.com/es-es/p/access/cfq7ttc0k7q8?=&ef_id=CjwKCAjwqJ_1BRBZEiwAv73uwNScKHTjdgEy6LznNrbv_YoYDtv_cQXDIQNLLEgF7gcGVZtUZCPmVRoCj58QAvD_BwE%3aG%3as&OCID=AID2000750_SEM_xUz8JKCM&MarinID=sxUz8JKCM%7c431595526780%7cms+access%7ce%7cc%7c%7c62233861395%7ckwd-26962656&lnkd=Google_O365SMB_App&gclid=CjwKCAjwqJ_1BRBZEiwAv73uwNScKHTjdgEy6LznNrbv_YoYDtv_cQXDIQNLLEgF7gcGVZtUZCPmVRoCj58QAvD_BwE&activetab=pivot:overviewtab}},
note = {Consultado el 28/04/2020},
}

